@misc{wikipedia-Hyperparameter_optimization,
	author       = {Various}, 
	title        = {Hyperparameter optimization},
	howpublished = {\url{https://en.wikipedia.org/wiki/Hyperparameter_optimization}}
}

@misc{wikipedia-Evolutionary_Algorithm,
	author       = {Various}, 
	title        = {Evolutionary algorithm},
	howpublished = {\url{https://en.wikipedia.org/wiki/Evolutionary_algorithm}}
}

@book{Intro-to-EA,
 author = {Eiben, A. E. and Smith, James E.},
 title = {Introduction to Evolutionary Computing},
 year = {2015},
 isbn = {3662448734, 9783662448731},
 edition = {2nd},
 publisher = {Springer Publishing Company, Incorporated},
} 









